@article{kaur2012review,
  title     = {A Review of Security issues and mitigation Measures in GSM},
  author    = {Kaur, Gurjeet and Kaur, Pawansupreet and Saluja, Krishan Kumar},
  journal   = {International Journal of Research in Engineering \& Applied Sciences},
  volume    = {2},
  number    = {2},
  pages     = {16},
  year      = {2012},
  publisher = {Citeseer}
}

@article{margrave1999gsm,
  title   = {GSM Security and Encryption},
  author  = {Margrave, David},
  journal = {George Mason University},
  pages   = {1--5},
  year    = {1999}
}

@inproceedings{singh2013gsm,
  title        = {GSM OTA SIM cloning attack and cloning resistance in EAP-SIM and USIM},
  author       = {Singh, Jaspreet and Ruhl, Ron and Lindskog, Dale},
  booktitle    = {2013 International Conference on Social Computing},
  pages        = {1005--1010},
  year         = {2013},
  organization = {IEEE}
}

@article{lord2003modern,
  title   = {Modern GSM insecurities},
  author  = {Lord, S},
  journal = {X-Force Security Assessments White Paper},
  year    = {2003}
}

@article{quirke2004security,
  title     = {Security in the GSM system},
  author    = {Quirke, Jeremy},
  journal   = {AusMobile, May},
  pages     = {1--26},
  year      = {2004},
  publisher = {Citeseer}
}

@misc{sidharsancomplete,
  title  = {A complete guide to SIM cloning},
  author = {Sidharsan, S},
  url    = {http:// www.4shared.com/rar/Lkv8mAXD/A-COMPLETE-GUIDE-TO-SIM-CLONIN.html}
}

@inproceedings{rao2002partitioning,
  title        = {Partitioning attacks: or how to rapidly clone some GSM cards},
  author       = {Rao, Josyula R and Rohatgi, Pankaj and Scherzer, Helmut and Tinguely, Stephane},
  booktitle    = {Proceedings 2002 IEEE Symposium on Security and Privacy},
  pages        = {31--41},
  year         = {2002},
  organization = {IEEE}
}