@techreport{cichonski2016guide,
  title={Guide to LTE security},
  author={Cichonski, Jeffrey and Franklin, Joshua and Bartock, Michael},
  year={2016},
  institution={National Institute of Standards and Technology}
}


@inproceedings{jover2013security,
  title={Security attacks against the availability of LTE mobility networks: Overview and research directions},
  author={Jover, Roger Piqueras},
  booktitle={2013 16th international symposium on wireless personal multimedia communications (WPMC)},
  pages={1--9},
  year={2013},
  organization={IEEE}
}

@article{jover2014enhancing,
  title={Enhancing the security of LTE networks against jamming attacks},
  author={Jover, Roger Piqueras and Lackey, Joshua and Raghavan, Arvind},
  journal={EURASIP Journal on Information Security},
  volume={2014},
  pages={1--14},
  year={2014},
  publisher={Springer}
}

@article{cao2013survey,
  title={A survey on security aspects for LTE and LTE-A networks},
  author={Cao, Jin and Ma, Maode and Li, Hui and Zhang, Yueyu and Luo, Zhenxing},
  journal={IEEE communications surveys \& tutorials},
  volume={16},
  number={1},
  pages={283--302},
  year={2013},
  publisher={IEEE}
}

@article{kamel2014survey,
  title={A SURVEY ON THREATS, VULNERABILITIES AND SECURITY SOLUTIONS FOR CELLULAR NETWORK},
  author={Kamel, Samah Osama M and El Dein, Adly S Tag and Hegazi, Nadia H and Abd El Kader, Hala M and Harb, Hany M},
  year={2014}
}

@article{ma2012security,
  title={Security investigation in 4G LTE wireless networks},
  author={Ma, Maode},
  journal={School of Elecrical and Electronic Engineering, Nanyang Technological University, Singapore},
  year={2012}
}

